@incollection{RussellNorvig2009,
  author       = {Russell, Stuart and Norvig, Peter},
  title        = {V:Learning},
  booktitle    = {AI A Modern Approach},
  publisher    = {Pearson},
  year         = {2009},
  editor       = {Hirsch, Michael},
  pages        = {736-739},
}
@online{FruitRecognitionRepo,
  author       = {Juan2000-coder},
  title        = {Fruit Recognition GitHub Repository},
  year         = {2023},
  url          = {https://github.com/Juan2000-coder/fruit_recognition},
}
@online{YouTubePlaylist,
  author       = {{Nombre del Canal o Usuario de YouTube}},
  title        = {Valerio Velardo - The Sound of AI},
  year         = {2020},
  url          = {https://youtube.com/playlist?list=PL-wATfeyAMNqIee7cH3q1bh4QJFAaeNv0&si=hv23flZ0qVSXiwrh},
}
@online{GitHubRepository,
  author       = {{musikalkemist}},
  title        = {AudioSignalProcessingForML},
  year         = {2020},
  url          = {https://github.com/musikalkemist/AudioSignalProcessingForML.git},
}
@online{YouTubeDigitalSreeni,
  author       = {{Digital Sreeni}},
  title        = {Edge Filters For Image Processing},
  year         = {2020},
  url          = {https://www.youtube.com/watch?v=Oy4duAOGdWQ&list=PLZsOBAyNTZwZrTsptDOKRdSsVO5mU5Qf0&index=9&ab_channel=DigitalSreeni},
}
@online{YouTubeDigitalSreeni2,
  author       = {{Digital Sreeni}},
  title        = {Auto segmentation using multi-otsu},
  year         = {2020},
  url          = {https://www.youtube.com/watch?v=YdhhiXDQDl4&list=PLZsOBAyNTZwZrTsptDOKRdSsVO5mU5Qf0&index=20&ab_channel=DigitalSreeni},
}
@online{WikipediaLabColorSpace,
  author       = {{Wikipedia}},
  title        = {Espacio de Color Lab},
  url          = {https://es.wikipedia.org/wiki/Espacio_de_color_Lab},
}
@online{WikipediaKMeansPlusPlus,
  author       = {{Wikipedia}},
  title        = {K-means++},
  url          = {https://es.wikipedia.org/wiki/K-means%2B%2B},
}

